%! Author = plumpie
%! Date = 4/6/20

% Yakovenko Ilyashenko


@book{Ilyashenko08lectureson,
    author = {Yulij Ilyashenko and Sergei Yakovenko},
    title = {Lectures on analytic differential equations},
    booktitle = {Graduate Studies in Mathematics},
    year = {2008},
    publisher = {American Mathematical Society}
}

@article{fokas1991,
author = "Fokas, A. S. and Its, A. R. and Kitaev, A. V.",
fjournal = "Communications in Mathematical Physics",
journal = "Comm. Math. Phys.",
number = "2",
pages = "313--344",
publisher = "Springer",
title = "Discrete Painlev√© equations and their appearance in quantum gravity",
url = "https://projecteuclid.org:443/euclid.cmp/1104248588",
volume = "142",
year = "1991"
}
